@electronic{DT, 
    title="Vancouver Open Data Catalogue",
    url="https://data.vancouver.ca/datacatalogue/index.htm",
    journal="Data Catalogue: City of Vancouver Open Data Catalogue"
}

@electronic{DT_C, 
    title="Crime Open Data Catalogue",
    url="https://data.vancouver.ca/datacatalogue/crime-data.htm",
    journal="Data Catalogue: Crime"
}

@electronic{DT_N, 
    title="Local Area Boundary Open Data Catalogue",
    url="https://data.vancouver.ca/datacatalogue/localAreaBoundary.htm",
    journal="Data Catalogue: Local Area Boundary"
}

@electronic{project, 
    title="Current Networks",
    url="https://colab.research.google.com/drive/1pLBynj25XOmkKiPMhoUCM8P0vcg4SO1U",
}

@electronic{ref, 
    title="Forecasting Crime with Deep Learning",
    journal="arXiv.org",
    url="https://arxiv.org/abs/1806.01486",
    author="Stec, Alexander and Klabjan, Diego",
    year="2018",
    month="Jun"
}