@book{Carlen
,	author	= {Carlen, Pat}
,	isbn	= {0335158692}
,	month	= {dec}
,	publisher	= {Open University Press}
,	title	= {Women, Crime and Poverty}
,	year	= {1988}
}

@article{olligschlaegerartificial,
  title={ARTIFICIAL NEURAL NETWORKS AND CRIME MAPPING},
  author={Olligschlaeger, Andreas M}
}

@INPROCEEDINGS{6137459, 
author={C. {Yu} and M. W. {Ward} and M. {Morabito} and W. {Ding}}, 
booktitle={2011 IEEE 11th International Conference on Data Mining Workshops}, 
title={Crime Forecasting Using Data Mining Techniques}, 
year={2011}, 
volume={}, 
number={}, 
pages={779-786}, 
keywords={data mining;forecasting theory;pattern classification;police data processing;practical crime prevention solutions;crime forecasting model;police department;United States city;crime records;crime related event;temporal feature;spatial feature;data mining classification technique;Training;Support vector machine classification;Data mining;Spatial databases;Forecasting;Cities and towns;Accuracy;Classification;Spatial Data Mining;Crime Forecasting}, 
doi={10.1109/ICDMW.2011.56}, 
ISSN={2375-9232}, 
month={Dec},
}

@article{stec2018forecasting,
  title={Forecasting Crime with Deep Learning},
  author={Stec, Alexander and Klabjan, Diego},
  journal={arXiv preprint arXiv:1806.01486},
  year={2018}
}

@misc{data,
  title={Vancouver Open Data Catalogue},
  url={https://data.vancouver.ca/datacatalogue/},
  journal={Data Catalogue: City of Vancouver Open Data Catalogue}
}

@misc{crime,
  title={Vancouver Crime Data},
  url={https://data.vancouver.ca/datacatalogue/crime-data.htm},
  journal={Data Catalogue: Crime}
}

@misc{nb,
  title={Vancouver Local Area Boundary Data},
  url={https://data.vancouver.ca/datacatalogue/localAreaBoundary.htm},
  journal={Data Catalogue: Local Area Boundary - City of Vancouver Open Data Catalogue}
}

@misc{graffiti,
  title={Vancouver Graffiti Data},
  url={https://data.vancouver.ca/datacatalogue/graffitiSites.htm},
  journal={Data Catalogue: Graffiti Site Data}
}

@misc{fountain, 
  title={Open Data Catalogue},
  url={https://data.vancouver.ca/datacatalogue/drinkingFountains.htm},
  journal={Vancouver Drinking Fountains Data}
}

@misc{finalcrime,
  journal={NasirKhalid24/ELE494-Project},
  url={https://github.com/NasirKhalid24/ELE494-Project/blob/master/Datasets/final_crime.csv},
  title={Final Crime Dataset - ELE494-Project},
  author={Nasir Khalid and Youssif Khaireddin}
}

@misc{Google,
  url={https://trends.google.com/trends/explore?geo=CA-BC&q=crime},
  journal={Google Trends - Crime - British Colombia},
  year={2019}
}

@misc{Crime_Extractor,
  journal={NasirKhalid24/ELE494-Project},
  url={https://github.com/NasirKhalid24/ELE494-Project/blob/master/Scripts/update_graffiti.py},
  title={Distance from Graffiti Calculator - ELE494-Project},
  author={Nasir Khalid}
}

@misc{Drinking_Fountain_Extractor,
  journal={NasirKhalid24/ELE494-Project},
  url={https://github.com/NasirKhalid24/ELE494-Project/blob/master/Scripts/update_drinkingfountain.py},
  title={Distance from Drinking Fountain Calculator - ELE494-Project},
  author={Nasir Khalid}
}

@misc{kaggle,
  title={Google Trends vs Crimes in Vancouver},
  url={https://www.kaggle.com/wosaku/google-trends-vs-crimes-in-vancouver},
  journal={Kaggle}
}

@misc{Trend_Script,
  journal={NasirKhalid24/ELE494-Project},
  url={https://github.com/NasirKhalid24/ELE494-Project/blob/master/Scripts/googletrend.py},
  title={Google Trend Adder - ELE494-Project},
  author={Youssif Khaireddin}
}

@misc{Network_1,
  journal={NasirKhalid24/ELE494-Project},
  url={https://github.com/NasirKhalid24/ELE494-Project/blob/master/Notebooks/Network_1.ipynb},
  title={Network 1 - ELE494-Project},
  author={Youssif Khaireddin}
}

@misc{bins,
  journal={NasirKhalid24/ELE494-Project},
  url={https://github.com/NasirKhalid24/ELE494-Project/blob/master/Datasets/crime_ymdn_bins.csv},
  title={Bins Dataset- ELE494-Project},
  author={Youssif Khaireddin}
}

@misc{bin_code,
  journal={NasirKhalid24/ELE494-Project},
  url={https://github.com/NasirKhalid24/ELE494-Project/blob/master/Scripts/create_bins.py},
  title={Code to create bins dataset - ELE494-Project},
  author={Youssif Khaireddin}
}

@misc{Network_2,
  journal={NasirKhalid24/ELE494-Project},
  url={https://github.com/NasirKhalid24/ELE494-Project/blob/master/Notebooks/Network_2.ipynb},
  title={Network 2 - ELE494-Project},
  author={Nasir Khalid}
}

@misc{hist_type,
  title={Crime in Vancouver},
  url={https://www.kaggle.com/abhishekasingh/crime-in-vancouver},
  author={Abhishek Singh}
}

@misc{Network_3,
  journal={NasirKhalid24/ELE494-Project},
  url={https://github.com/NasirKhalid24/ELE494-Project/blob/master/Notebooks/Network_3.ipynb},
  title={Network 3 - ELE494-Project},
  author={Nasir Khalid}
}

@misc{Network_3.1,
  journal={NasirKhalid24/ELE494-Project},
  url={https://github.com/NasirKhalid24/ELE494-Project/blob/master/Notebooks/Network_3.1.ipynb},
  title={Network 3.1 - ELE494-Project},
  author={Nasir Khalid}
}

@misc{Network_3.2,
  journal={NasirKhalid24/ELE494-Project},
  url={https://github.com/NasirKhalid24/ELE494-Project/blob/master/Notebooks/Network_3.2.ipynb},
  title={Network 3.2 - ELE494-Project},
  author={Youssif Khaireddin}
}

@misc{Network_4,
  journal={NasirKhalid24/ELE494-Project},
  url={https://github.com/NasirKhalid24/ELE494-Project/blob/master/Notebooks/Network_4.ipynb},
  title={Network 4 - ELE494-Project},
  author={Nasir Khalid}
}

